@book{StokesGG-InternalFrictionOfFluids,
author = {Stokes, George Gabriel},
title = {On the Effect of the Internal Friction of Fluids},
year = {1850}
}

@book{BlandfordRD-ApplicationsOfClassicalPhysics,
author = {Blandford, Roger D and Thorne, Kip S},
title = {Applications of Classical Physics},
year = {2012},
publisher = {Caltech},
pubstate = {Pasadena}
}

@book{SimonyiK-HistoryOfPhysics,
author = {Simonyi, KÃ¡roly},
title = {A Cultural History of Physics},
year = {2012},
publisher = {CRC Press},
pubstate = {Boca Raton}
}

@book{JiangB-LSFEM,
author = {Jiang, Bo-nan},
title = {The Least-Squares Finite Element Method},
year = {1998},
publisher = {Springer-Verlag},
pubstate = {Heidelberg}
}
