@book{StokesGG-InternalFrictionOfFluids,
author = {Stokes, George Gabriel},
title = {On the Effect of the Internal Friction of Fluids},
year = {1850}
}

@book{BlandfordRD-ApplicationsOfClassicalPhysics,
author = {Blandford, Roger D and Thorne, Kip S},
title = {Applications of Classical Physics},
year = {2012},
publisher = {Caltech},
pubstate = {Pasadena}
}

@book{SimonyiK-HistoryOfPhysics,
author = {Simonyi, Károly},
title = {A Cultural History of Physics},
year = {2012},
publisher = {CRC Press},
pubstate = {Boca Raton}
}

@book{JiangB-LSFEM,
author = {Jiang, Bo-nan},
title = {The Least-Squares Finite Element Method},
year = {1998},
publisher = {Springer-Verlag},
pubstate = {Heidelberg}
}

@online{Wiki-StokesFlow,
author = {Wikipedia},
title = {Stokes Flow},
year = {2019},
url = {https://en.wikipedia.org/wiki/Stokes_flow}
}

@article{RitzW-Variationsprobleme,
author = {Ritz, Walther},
title = {Über eine neue Methode zur Lösung gewisser Variationsprobleme der mathematischen Physik},
year = {1909},
journal = {Journal für die Reine und Angewandte Mathematik},
volume = {135},
pages = {1--61}
}